%YAML 1.1
%TAG !u! tag:unity3d.com,2011:
--- !u!1 &990106912
GameObject:
  m_ObjectHideFlags: 0
  m_CorrespondingSourceObject: {fileID: 0}
  m_PrefabInstance: {fileID: 0}
  m_PrefabAsset: {fileID: 0}
  serializedVersion: 6
  m_Component:
  - component: {fileID: 990106914}
  - component: {fileID: 990106913}
  m_Layer: 0
  m_Name: RandomPointMove
  m_TagString: Untagged
  m_Icon: {fileID: 0}
  m_NavMeshLayer: 0
  m_StaticEditorFlags: 0
  m_IsActive: 1
--- !u!4 &990106914
Transform:
  m_ObjectHideFlags: 0
  m_CorrespondingSourceObject: {fileID: 0}
  m_PrefabInstance: {fileID: 0}
  m_PrefabAsset: {fileID: 0}
  m_GameObject: {fileID: 990106912}
  m_LocalRotation: {x: -0, y: -0, z: -0, w: 1}
  m_LocalPosition: {x: -21.099998, y: 0, z: 0}
  m_LocalScale: {x: 1, y: 1, z: 1}
  m_Children: []
  m_Father: {fileID: 2808797947018323207}
  m_RootOrder: 1
  m_LocalEulerAnglesHint: {x: 0, y: 0, z: 0}
--- !u!114 &990106913
MonoBehaviour:
  m_ObjectHideFlags: 0
  m_CorrespondingSourceObject: {fileID: 0}
  m_PrefabInstance: {fileID: 0}
  m_PrefabAsset: {fileID: 0}
  m_GameObject: {fileID: 990106912}
  m_Enabled: 1
  m_EditorHideFlags: 0
  m_Script: {fileID: 11500000, guid: 3df988ff0a781b14f989858a544b3fbe, type: 3}
  m_Name: 
  m_EditorClassIdentifier: 
  Range: 5
--- !u!1 &1457094421
GameObject:
  m_ObjectHideFlags: 0
  m_CorrespondingSourceObject: {fileID: 0}
  m_PrefabInstance: {fileID: 0}
  m_PrefabAsset: {fileID: 0}
  serializedVersion: 6
  m_Component:
  - component: {fileID: 1457094422}
  - component: {fileID: 1457094424}
  - component: {fileID: 1457094423}
  m_Layer: 0
  m_Name: LookTarget
  m_TagString: Untagged
  m_Icon: {fileID: 0}
  m_NavMeshLayer: 0
  m_StaticEditorFlags: 0
  m_IsActive: 1
--- !u!4 &1457094422
Transform:
  m_ObjectHideFlags: 0
  m_CorrespondingSourceObject: {fileID: 0}
  m_PrefabInstance: {fileID: 0}
  m_PrefabAsset: {fileID: 0}
  m_GameObject: {fileID: 1457094421}
  m_LocalRotation: {x: -0, y: -0, z: -0, w: 1}
  m_LocalPosition: {x: 0, y: 0.01899, z: 0}
  m_LocalScale: {x: 0.005, y: 0.005, z: 0.005}
  m_Children: []
  m_Father: {fileID: 2409535360080984869}
  m_RootOrder: 6
  m_LocalEulerAnglesHint: {x: 0, y: 0, z: 0}
--- !u!33 &1457094424
MeshFilter:
  m_ObjectHideFlags: 0
  m_CorrespondingSourceObject: {fileID: 0}
  m_PrefabInstance: {fileID: 0}
  m_PrefabAsset: {fileID: 0}
  m_GameObject: {fileID: 1457094421}
  m_Mesh: {fileID: 10202, guid: 0000000000000000e000000000000000, type: 0}
--- !u!65 &1457094423
BoxCollider:
  m_ObjectHideFlags: 0
  m_CorrespondingSourceObject: {fileID: 0}
  m_PrefabInstance: {fileID: 0}
  m_PrefabAsset: {fileID: 0}
  m_GameObject: {fileID: 1457094421}
  m_Material: {fileID: 0}
  m_IsTrigger: 1
  m_Enabled: 1
  serializedVersion: 2
  m_Size: {x: 0.2, y: 0.2, z: 0.2}
  m_Center: {x: 0, y: -0.19, z: 0}
--- !u!1 &2808797947018323203
GameObject:
  m_ObjectHideFlags: 0
  m_CorrespondingSourceObject: {fileID: 0}
  m_PrefabInstance: {fileID: 0}
  m_PrefabAsset: {fileID: 0}
  serializedVersion: 6
  m_Component:
  - component: {fileID: 2808797947018323207}
  - component: {fileID: 2808797947018323206}
  - component: {fileID: 2808797947018323208}
  - component: {fileID: 6777274640890636457}
  - component: {fileID: 2808797947018323204}
  - component: {fileID: 880932073}
  - component: {fileID: 1548316576}
  - component: {fileID: 1548316581}
  m_Layer: 0
  m_Name: Huggy
  m_TagString: Untagged
  m_Icon: {fileID: 0}
  m_NavMeshLayer: 0
  m_StaticEditorFlags: 0
  m_IsActive: 1
--- !u!4 &2808797947018323207
Transform:
  m_ObjectHideFlags: 0
  m_CorrespondingSourceObject: {fileID: 0}
  m_PrefabInstance: {fileID: 0}
  m_PrefabAsset: {fileID: 0}
  m_GameObject: {fileID: 2808797947018323203}
  m_LocalRotation: {x: 0, y: 0, z: 0, w: 1}
  m_LocalPosition: {x: 0, y: 0, z: 32.9}
  m_LocalScale: {x: 1, y: 1, z: 1}
  m_Children:
  - {fileID: 2409535360080984869}
  - {fileID: 990106914}
  m_Father: {fileID: 0}
  m_RootOrder: 0
  m_LocalEulerAnglesHint: {x: 0, y: 0, z: 0}
--- !u!114 &2808797947018323206
MonoBehaviour:
  m_ObjectHideFlags: 0
  m_CorrespondingSourceObject: {fileID: 0}
  m_PrefabInstance: {fileID: 0}
  m_PrefabAsset: {fileID: 0}
  m_GameObject: {fileID: 2808797947018323203}
  m_Enabled: 1
  m_EditorHideFlags: 0
  m_Script: {fileID: 11500000, guid: 644cd1c81dd916a41b58474f040c9869, type: 3}
  m_Name: 
  m_EditorClassIdentifier: 
  currentState: 0
  timeRequireToKill: 2
  rangeChase: 3
  rangeKill: 5
  rangeMoveToPlayer: 22
  player: {fileID: 0}
  playerLookAtTarget: {fileID: 0}
  RandomPointMove: {fileID: 990106914}
  radius: 5
  speedMove: 0
--- !u!114 &2808797947018323208
MonoBehaviour:
  m_ObjectHideFlags: 0
  m_CorrespondingSourceObject: {fileID: 0}
  m_PrefabInstance: {fileID: 0}
  m_PrefabAsset: {fileID: 0}
  m_GameObject: {fileID: 2808797947018323203}
  m_Enabled: 1
  m_EditorHideFlags: 0
  m_Script: {fileID: 11500000, guid: 326bef754d496f04b98bb810d8d842f1, type: 3}
  m_Name: 
  m_EditorClassIdentifier: 
--- !u!114 &6777274640890636457
MonoBehaviour:
  m_ObjectHideFlags: 0
  m_CorrespondingSourceObject: {fileID: 0}
  m_PrefabInstance: {fileID: 0}
  m_PrefabAsset: {fileID: 0}
  m_GameObject: {fileID: 2808797947018323203}
  m_Enabled: 1
  m_EditorHideFlags: 0
  m_Script: {fileID: 11500000, guid: dc8b0da24d3cd3a44a1ace53778a9819, type: 3}
  m_Name: 
  m_EditorClassIdentifier: 
  sliderTimerObj: {fileID: 0}
  sliderTimer: {fileID: 0}
  clockImg: {fileID: 0}
  timeText: {fileID: 0}
  sliderRangeOjb: {fileID: 0}
  sliderRange: {fileID: 0}
  rangeText: {fileID: 0}
  RunImg: {fileID: 0}
  timeStand: 20
  timeWander: 10
  notifyStatusPanel: {fileID: 0}
  notifyStatusText: {fileID: 0}
  timeTextOjb: {fileID: 0}
  runAnimOjb: {fileID: 0}
  runAnimText: {fileID: 0}
--- !u!195 &2808797947018323204
NavMeshAgent:
  m_ObjectHideFlags: 0
  m_CorrespondingSourceObject: {fileID: 0}
  m_PrefabInstance: {fileID: 0}
  m_PrefabAsset: {fileID: 0}
  m_GameObject: {fileID: 2808797947018323203}
  m_Enabled: 1
  m_AgentTypeID: 0
  m_Radius: 1.59
  m_Speed: 5
  m_Acceleration: 8
  avoidancePriority: 50
  m_AngularSpeed: 100
  m_StoppingDistance: 0
  m_AutoTraverseOffMeshLink: 1
  m_AutoBraking: 0
  m_AutoRepath: 1
  m_Height: 8
  m_BaseOffset: -0.22
  m_WalkableMask: 4294967295
  m_ObstacleAvoidanceType: 4
--- !u!54 &880932073
Rigidbody:
  m_ObjectHideFlags: 0
  m_CorrespondingSourceObject: {fileID: 0}
  m_PrefabInstance: {fileID: 0}
  m_PrefabAsset: {fileID: 0}
  m_GameObject: {fileID: 2808797947018323203}
  serializedVersion: 2
  m_Mass: 10
  m_Drag: 0.5
  m_AngularDrag: 0.05
  m_UseGravity: 1
  m_IsKinematic: 0
  m_Interpolate: 0
  m_Constraints: 122
  m_CollisionDetection: 0
--- !u!65 &1548316576
BoxCollider:
  m_ObjectHideFlags: 0
  m_CorrespondingSourceObject: {fileID: 0}
  m_PrefabInstance: {fileID: 0}
  m_PrefabAsset: {fileID: 0}
  m_GameObject: {fileID: 2808797947018323203}
  m_Material: {fileID: 0}
  m_IsTrigger: 1
  m_Enabled: 1
  serializedVersion: 2
  m_Size: {x: 3.5, y: 8.252395, z: 3.5}
  m_Center: {x: -0.018538058, y: 4.133037, z: -0.04521942}
--- !u!136 &1548316581
CapsuleCollider:
  m_ObjectHideFlags: 0
  m_CorrespondingSourceObject: {fileID: 0}
  m_PrefabInstance: {fileID: 0}
  m_PrefabAsset: {fileID: 0}
  m_GameObject: {fileID: 2808797947018323203}
  m_Material: {fileID: 0}
  m_IsTrigger: 0
  m_Enabled: 1
  m_Radius: 1
  m_Height: 8.815512
  m_Direction: 1
  m_Center: {x: 0, y: 4.3738565, z: 0}
--- !u!1001 &2808797946213293262
PrefabInstance:
  m_ObjectHideFlags: 0
  serializedVersion: 2
  m_Modification:
    m_TransformParent: {fileID: 2808797947018323207}
    m_Modifications:
    - target: {fileID: -8679921383154817045, guid: 3d2e43ea6b8cf1f499bf297936887858,
        type: 3}
      propertyPath: m_RootOrder
      value: 0
      objectReference: {fileID: 0}
    - target: {fileID: -8679921383154817045, guid: 3d2e43ea6b8cf1f499bf297936887858,
        type: 3}
      propertyPath: m_LocalScale.x
      value: 400
      objectReference: {fileID: 0}
    - target: {fileID: -8679921383154817045, guid: 3d2e43ea6b8cf1f499bf297936887858,
        type: 3}
      propertyPath: m_LocalScale.y
      value: 400
      objectReference: {fileID: 0}
    - target: {fileID: -8679921383154817045, guid: 3d2e43ea6b8cf1f499bf297936887858,
        type: 3}
      propertyPath: m_LocalScale.z
      value: 400
      objectReference: {fileID: 0}
    - target: {fileID: -8679921383154817045, guid: 3d2e43ea6b8cf1f499bf297936887858,
        type: 3}
      propertyPath: m_LocalPosition.x
      value: 0
      objectReference: {fileID: 0}
    - target: {fileID: -8679921383154817045, guid: 3d2e43ea6b8cf1f499bf297936887858,
        type: 3}
      propertyPath: m_LocalPosition.y
      value: 0
      objectReference: {fileID: 0}
    - target: {fileID: -8679921383154817045, guid: 3d2e43ea6b8cf1f499bf297936887858,
        type: 3}
      propertyPath: m_LocalPosition.z
      value: 0
      objectReference: {fileID: 0}
    - target: {fileID: -8679921383154817045, guid: 3d2e43ea6b8cf1f499bf297936887858,
        type: 3}
      propertyPath: m_LocalRotation.w
      value: 1
      objectReference: {fileID: 0}
    - target: {fileID: -8679921383154817045, guid: 3d2e43ea6b8cf1f499bf297936887858,
        type: 3}
      propertyPath: m_LocalRotation.x
      value: -0
      objectReference: {fileID: 0}
    - target: {fileID: -8679921383154817045, guid: 3d2e43ea6b8cf1f499bf297936887858,
        type: 3}
      propertyPath: m_LocalRotation.y
      value: -0
      objectReference: {fileID: 0}
    - target: {fileID: -8679921383154817045, guid: 3d2e43ea6b8cf1f499bf297936887858,
        type: 3}
      propertyPath: m_LocalRotation.z
      value: -0
      objectReference: {fileID: 0}
    - target: {fileID: -8679921383154817045, guid: 3d2e43ea6b8cf1f499bf297936887858,
        type: 3}
      propertyPath: m_LocalEulerAnglesHint.x
      value: 0
      objectReference: {fileID: 0}
    - target: {fileID: -8679921383154817045, guid: 3d2e43ea6b8cf1f499bf297936887858,
        type: 3}
      propertyPath: m_LocalEulerAnglesHint.y
      value: 0
      objectReference: {fileID: 0}
    - target: {fileID: -8679921383154817045, guid: 3d2e43ea6b8cf1f499bf297936887858,
        type: 3}
      propertyPath: m_LocalEulerAnglesHint.z
      value: 0
      objectReference: {fileID: 0}
    - target: {fileID: -8021001004253913084, guid: 3d2e43ea6b8cf1f499bf297936887858,
        type: 3}
      propertyPath: m_LocalEulerAnglesHint.x
      value: 11.504166
      objectReference: {fileID: 0}
    - target: {fileID: -8021001004253913084, guid: 3d2e43ea6b8cf1f499bf297936887858,
        type: 3}
      propertyPath: m_LocalEulerAnglesHint.y
      value: -1.5830752
      objectReference: {fileID: 0}
    - target: {fileID: -8021001004253913084, guid: 3d2e43ea6b8cf1f499bf297936887858,
        type: 3}
      propertyPath: m_LocalEulerAnglesHint.z
      value: 0.688877
      objectReference: {fileID: 0}
    - target: {fileID: -6874584590210671055, guid: 3d2e43ea6b8cf1f499bf297936887858,
        type: 3}
      propertyPath: m_LocalEulerAnglesHint.x
      value: 0.70956564
      objectReference: {fileID: 0}
    - target: {fileID: -6874584590210671055, guid: 3d2e43ea6b8cf1f499bf297936887858,
        type: 3}
      propertyPath: m_LocalEulerAnglesHint.y
      value: -12.190975
      objectReference: {fileID: 0}
    - target: {fileID: -6874584590210671055, guid: 3d2e43ea6b8cf1f499bf297936887858,
        type: 3}
      propertyPath: m_LocalEulerAnglesHint.z
      value: 5.123514
      objectReference: {fileID: 0}
    - target: {fileID: -6803169544883306252, guid: 3d2e43ea6b8cf1f499bf297936887858,
        type: 3}
      propertyPath: m_LocalEulerAnglesHint.x
      value: 4.0358577
      objectReference: {fileID: 0}
    - target: {fileID: -6803169544883306252, guid: 3d2e43ea6b8cf1f499bf297936887858,
        type: 3}
      propertyPath: m_LocalEulerAnglesHint.y
      value: 1.633605
      objectReference: {fileID: 0}
    - target: {fileID: -6803169544883306252, guid: 3d2e43ea6b8cf1f499bf297936887858,
        type: 3}
      propertyPath: m_LocalEulerAnglesHint.z
      value: 9.799651
      objectReference: {fileID: 0}
    - target: {fileID: -5480977901411583989, guid: 3d2e43ea6b8cf1f499bf297936887858,
        type: 3}
      propertyPath: m_LocalEulerAnglesHint.x
      value: 0.7248887
      objectReference: {fileID: 0}
    - target: {fileID: -5480977901411583989, guid: 3d2e43ea6b8cf1f499bf297936887858,
        type: 3}
      propertyPath: m_LocalEulerAnglesHint.y
      value: 2.4907172
      objectReference: {fileID: 0}
    - target: {fileID: -5480977901411583989, guid: 3d2e43ea6b8cf1f499bf297936887858,
        type: 3}
      propertyPath: m_LocalEulerAnglesHint.z
      value: -32.449234
      objectReference: {fileID: 0}
    - target: {fileID: -4781869026134283308, guid: 3d2e43ea6b8cf1f499bf297936887858,
        type: 3}
      propertyPath: m_Materials.Array.data[0]
      value: 
      objectReference: {fileID: 2100000, guid: 292377ba64f2f794b80a170d51849b1a, type: 2}
    - target: {fileID: -3746190272939815206, guid: 3d2e43ea6b8cf1f499bf297936887858,
        type: 3}
      propertyPath: m_LocalEulerAnglesHint.x
      value: 27.255808
      objectReference: {fileID: 0}
    - target: {fileID: -3746190272939815206, guid: 3d2e43ea6b8cf1f499bf297936887858,
        type: 3}
      propertyPath: m_LocalEulerAnglesHint.y
      value: -4.8253393
      objectReference: {fileID: 0}
    - target: {fileID: -3746190272939815206, guid: 3d2e43ea6b8cf1f499bf297936887858,
        type: 3}
      propertyPath: m_LocalEulerAnglesHint.z
      value: -1.2776227
      objectReference: {fileID: 0}
    - target: {fileID: -3480699329000672020, guid: 3d2e43ea6b8cf1f499bf297936887858,
        type: 3}
      propertyPath: m_LocalEulerAnglesHint.x
      value: 14.484824
      objectReference: {fileID: 0}
    - target: {fileID: -3480699329000672020, guid: 3d2e43ea6b8cf1f499bf297936887858,
        type: 3}
      propertyPath: m_LocalEulerAnglesHint.y
      value: -4.602569
      objectReference: {fileID: 0}
    - target: {fileID: -3480699329000672020, guid: 3d2e43ea6b8cf1f499bf297936887858,
        type: 3}
      propertyPath: m_LocalEulerAnglesHint.z
      value: -1.8391951
      objectReference: {fileID: 0}
    - target: {fileID: -3432401550182100168, guid: 3d2e43ea6b8cf1f499bf297936887858,
        type: 3}
      propertyPath: m_LocalEulerAnglesHint.x
      value: -5.069499
      objectReference: {fileID: 0}
    - target: {fileID: -3432401550182100168, guid: 3d2e43ea6b8cf1f499bf297936887858,
        type: 3}
      propertyPath: m_LocalEulerAnglesHint.y
      value: -13.009064
      objectReference: {fileID: 0}
    - target: {fileID: -3432401550182100168, guid: 3d2e43ea6b8cf1f499bf297936887858,
        type: 3}
      propertyPath: m_LocalEulerAnglesHint.z
      value: 64.87316
      objectReference: {fileID: 0}
    - target: {fileID: -3321919801592875672, guid: 3d2e43ea6b8cf1f499bf297936887858,
        type: 3}
      propertyPath: m_LocalEulerAnglesHint.x
      value: -25.953259
      objectReference: {fileID: 0}
    - target: {fileID: -3321919801592875672, guid: 3d2e43ea6b8cf1f499bf297936887858,
        type: 3}
      propertyPath: m_LocalEulerAnglesHint.y
      value: 7.3370943
      objectReference: {fileID: 0}
    - target: {fileID: -3321919801592875672, guid: 3d2e43ea6b8cf1f499bf297936887858,
        type: 3}
      propertyPath: m_LocalEulerAnglesHint.z
      value: -12.517471
      objectReference: {fileID: 0}
    - target: {fileID: -2770666803903516498, guid: 3d2e43ea6b8cf1f499bf297936887858,
        type: 3}
      propertyPath: m_LocalEulerAnglesHint.x
      value: -2.1677516
      objectReference: {fileID: 0}
    - target: {fileID: -2770666803903516498, guid: 3d2e43ea6b8cf1f499bf297936887858,
        type: 3}
      propertyPath: m_LocalEulerAnglesHint.y
      value: 0.000026337164
      objectReference: {fileID: 0}
    - target: {fileID: -2770666803903516498, guid: 3d2e43ea6b8cf1f499bf297936887858,
        type: 3}
      propertyPath: m_LocalEulerAnglesHint.z
      value: -0.0000006783522
      objectReference: {fileID: 0}
    - target: {fileID: -2072040086291044643, guid: 3d2e43ea6b8cf1f499bf297936887858,
        type: 3}
      propertyPath: m_LocalEulerAnglesHint.x
      value: 29.912003
      objectReference: {fileID: 0}
    - target: {fileID: -2072040086291044643, guid: 3d2e43ea6b8cf1f499bf297936887858,
        type: 3}
      propertyPath: m_LocalEulerAnglesHint.y
      value: -4.3889346
      objectReference: {fileID: 0}
    - target: {fileID: -2072040086291044643, guid: 3d2e43ea6b8cf1f499bf297936887858,
        type: 3}
      propertyPath: m_LocalEulerAnglesHint.z
      value: -3.3008726
      objectReference: {fileID: 0}
    - target: {fileID: -1864740628597940677, guid: 3d2e43ea6b8cf1f499bf297936887858,
        type: 3}
      propertyPath: m_LocalEulerAnglesHint.x
      value: 0.4725631
      objectReference: {fileID: 0}
    - target: {fileID: -1864740628597940677, guid: 3d2e43ea6b8cf1f499bf297936887858,
        type: 3}
      propertyPath: m_LocalEulerAnglesHint.y
      value: -2.3026254
      objectReference: {fileID: 0}
    - target: {fileID: -1864740628597940677, guid: 3d2e43ea6b8cf1f499bf297936887858,
        type: 3}
      propertyPath: m_LocalEulerAnglesHint.z
      value: 23.192257
      objectReference: {fileID: 0}
    - target: {fileID: -1812909498023395591, guid: 3d2e43ea6b8cf1f499bf297936887858,
        type: 3}
      propertyPath: m_LocalEulerAnglesHint.x
      value: -0.000099795376
      objectReference: {fileID: 0}
    - target: {fileID: -1812909498023395591, guid: 3d2e43ea6b8cf1f499bf297936887858,
        type: 3}
      propertyPath: m_LocalEulerAnglesHint.y
      value: 32.18863
      objectReference: {fileID: 0}
    - target: {fileID: -1812909498023395591, guid: 3d2e43ea6b8cf1f499bf297936887858,
        type: 3}
      propertyPath: m_LocalEulerAnglesHint.z
      value: 0.00016621682
      objectReference: {fileID: 0}
    - target: {fileID: -1759971797536824783, guid: 3d2e43ea6b8cf1f499bf297936887858,
        type: 3}
      propertyPath: m_Materials.Array.data[0]
      value: 
      objectReference: {fileID: 2100000, guid: 292377ba64f2f794b80a170d51849b1a, type: 2}
    - target: {fileID: -1070350730909333850, guid: 3d2e43ea6b8cf1f499bf297936887858,
        type: 3}
      propertyPath: m_LocalEulerAnglesHint.x
      value: 12.661773
      objectReference: {fileID: 0}
    - target: {fileID: -1070350730909333850, guid: 3d2e43ea6b8cf1f499bf297936887858,
        type: 3}
      propertyPath: m_LocalEulerAnglesHint.y
      value: -12.183037
      objectReference: {fileID: 0}
    - target: {fileID: -1070350730909333850, guid: 3d2e43ea6b8cf1f499bf297936887858,
        type: 3}
      propertyPath: m_LocalEulerAnglesHint.z
      value: 8.804926
      objectReference: {fileID: 0}
    - target: {fileID: 366175167995203695, guid: 3d2e43ea6b8cf1f499bf297936887858,
        type: 3}
      propertyPath: m_LocalEulerAnglesHint.x
      value: 1.7228196
      objectReference: {fileID: 0}
    - target: {fileID: 366175167995203695, guid: 3d2e43ea6b8cf1f499bf297936887858,
        type: 3}
      propertyPath: m_LocalEulerAnglesHint.y
      value: -1.6751086
      objectReference: {fileID: 0}
    - target: {fileID: 366175167995203695, guid: 3d2e43ea6b8cf1f499bf297936887858,
        type: 3}
      propertyPath: m_LocalEulerAnglesHint.z
      value: 0.66555095
      objectReference: {fileID: 0}
    - target: {fileID: 608321761475470972, guid: 3d2e43ea6b8cf1f499bf297936887858,
        type: 3}
      propertyPath: m_LocalEulerAnglesHint.x
      value: -16.043905
      objectReference: {fileID: 0}
    - target: {fileID: 608321761475470972, guid: 3d2e43ea6b8cf1f499bf297936887858,
        type: 3}
      propertyPath: m_LocalEulerAnglesHint.y
      value: 11.33676
      objectReference: {fileID: 0}
    - target: {fileID: 608321761475470972, guid: 3d2e43ea6b8cf1f499bf297936887858,
        type: 3}
      propertyPath: m_LocalEulerAnglesHint.z
      value: -5.4006577
      objectReference: {fileID: 0}
    - target: {fileID: 919132149155446097, guid: 3d2e43ea6b8cf1f499bf297936887858,
        type: 3}
      propertyPath: m_Name
      value: Hell Slammer A (8)
      objectReference: {fileID: 0}
    - target: {fileID: 1330755669629619180, guid: 3d2e43ea6b8cf1f499bf297936887858,
        type: 3}
      propertyPath: m_LocalEulerAnglesHint.x
      value: 12.474546
      objectReference: {fileID: 0}
    - target: {fileID: 1330755669629619180, guid: 3d2e43ea6b8cf1f499bf297936887858,
        type: 3}
      propertyPath: m_LocalEulerAnglesHint.y
      value: 12.435221
      objectReference: {fileID: 0}
    - target: {fileID: 1330755669629619180, guid: 3d2e43ea6b8cf1f499bf297936887858,
        type: 3}
      propertyPath: m_LocalEulerAnglesHint.z
      value: -7.761183
      objectReference: {fileID: 0}
    - target: {fileID: 1852576806548013000, guid: 3d2e43ea6b8cf1f499bf297936887858,
        type: 3}
      propertyPath: m_LocalEulerAnglesHint.x
      value: -25.65781
      objectReference: {fileID: 0}
    - target: {fileID: 1852576806548013000, guid: 3d2e43ea6b8cf1f499bf297936887858,
        type: 3}
      propertyPath: m_LocalEulerAnglesHint.y
      value: -12.226565
      objectReference: {fileID: 0}
    - target: {fileID: 1852576806548013000, guid: 3d2e43ea6b8cf1f499bf297936887858,
        type: 3}
      propertyPath: m_LocalEulerAnglesHint.z
      value: -9.585295
      objectReference: {fileID: 0}
    - target: {fileID: 2559285840627121667, guid: 3d2e43ea6b8cf1f499bf297936887858,
        type: 3}
      propertyPath: m_LocalEulerAnglesHint.x
      value: -27.30773
      objectReference: {fileID: 0}
    - target: {fileID: 2559285840627121667, guid: 3d2e43ea6b8cf1f499bf297936887858,
        type: 3}
      propertyPath: m_LocalEulerAnglesHint.y
      value: -15.497176
      objectReference: {fileID: 0}
    - target: {fileID: 2559285840627121667, guid: 3d2e43ea6b8cf1f499bf297936887858,
        type: 3}
      propertyPath: m_LocalEulerAnglesHint.z
      value: -11.589368
      objectReference: {fileID: 0}
    - target: {fileID: 2563496969622287784, guid: 3d2e43ea6b8cf1f499bf297936887858,
        type: 3}
      propertyPath: m_LocalEulerAnglesHint.x
      value: -0.0000014541492
      objectReference: {fileID: 0}
    - target: {fileID: 2563496969622287784, guid: 3d2e43ea6b8cf1f499bf297936887858,
        type: 3}
      propertyPath: m_LocalEulerAnglesHint.y
      value: -40.274002
      objectReference: {fileID: 0}
    - target: {fileID: 2563496969622287784, guid: 3d2e43ea6b8cf1f499bf297936887858,
        type: 3}
      propertyPath: m_LocalEulerAnglesHint.z
      value: -0.0000046828936
      objectReference: {fileID: 0}
    - target: {fileID: 2916570863362053800, guid: 3d2e43ea6b8cf1f499bf297936887858,
        type: 3}
      propertyPath: m_LocalEulerAnglesHint.x
      value: -0.09277824
      objectReference: {fileID: 0}
    - target: {fileID: 2916570863362053800, guid: 3d2e43ea6b8cf1f499bf297936887858,
        type: 3}
      propertyPath: m_LocalEulerAnglesHint.y
      value: 0.000010806329
      objectReference: {fileID: 0}
    - target: {fileID: 2916570863362053800, guid: 3d2e43ea6b8cf1f499bf297936887858,
        type: 3}
      propertyPath: m_LocalEulerAnglesHint.z
      value: -0.00000083726013
      objectReference: {fileID: 0}
    - target: {fileID: 4103886879187824632, guid: 3d2e43ea6b8cf1f499bf297936887858,
        type: 3}
      propertyPath: m_Materials.Array.data[0]
      value: 
      objectReference: {fileID: 2100000, guid: 292377ba64f2f794b80a170d51849b1a, type: 2}
    - target: {fileID: 4275435248933580990, guid: 3d2e43ea6b8cf1f499bf297936887858,
        type: 3}
      propertyPath: m_Materials.Array.data[0]
      value: 
      objectReference: {fileID: 2100000, guid: 292377ba64f2f794b80a170d51849b1a, type: 2}
    - target: {fileID: 5097370190579632962, guid: 3d2e43ea6b8cf1f499bf297936887858,
        type: 3}
      propertyPath: m_LocalEulerAnglesHint.x
      value: 0.37659723
      objectReference: {fileID: 0}
    - target: {fileID: 5097370190579632962, guid: 3d2e43ea6b8cf1f499bf297936887858,
        type: 3}
      propertyPath: m_LocalEulerAnglesHint.y
      value: 1.8313427
      objectReference: {fileID: 0}
    - target: {fileID: 5097370190579632962, guid: 3d2e43ea6b8cf1f499bf297936887858,
        type: 3}
      propertyPath: m_LocalEulerAnglesHint.z
      value: -23.238829
      objectReference: {fileID: 0}
    - target: {fileID: 5465940246521907071, guid: 3d2e43ea6b8cf1f499bf297936887858,
        type: 3}
      propertyPath: m_LocalPosition.x
      value: 0
      objectReference: {fileID: 0}
    - target: {fileID: 5465940246521907071, guid: 3d2e43ea6b8cf1f499bf297936887858,
        type: 3}
      propertyPath: m_LocalPosition.z
      value: 0
      objectReference: {fileID: 0}
    - target: {fileID: 5465940246521907071, guid: 3d2e43ea6b8cf1f499bf297936887858,
        type: 3}
      propertyPath: m_LocalEulerAnglesHint.x
      value: -10.284021
      objectReference: {fileID: 0}
    - target: {fileID: 5465940246521907071, guid: 3d2e43ea6b8cf1f499bf297936887858,
        type: 3}
      propertyPath: m_LocalEulerAnglesHint.y
      value: 3.0644698
      objectReference: {fileID: 0}
    - target: {fileID: 5465940246521907071, guid: 3d2e43ea6b8cf1f499bf297936887858,
        type: 3}
      propertyPath: m_LocalEulerAnglesHint.z
      value: 3.929476
      objectReference: {fileID: 0}
    - target: {fileID: 5886090791525147931, guid: 3d2e43ea6b8cf1f499bf297936887858,
        type: 3}
      propertyPath: m_Materials.Array.data[0]
      value: 
      objectReference: {fileID: 2100000, guid: 292377ba64f2f794b80a170d51849b1a, type: 2}
    - target: {fileID: 6000407479487422213, guid: 3d2e43ea6b8cf1f499bf297936887858,
        type: 3}
      propertyPath: m_LocalEulerAnglesHint.x
      value: 2.741623
      objectReference: {fileID: 0}
    - target: {fileID: 6000407479487422213, guid: 3d2e43ea6b8cf1f499bf297936887858,
        type: 3}
      propertyPath: m_LocalEulerAnglesHint.y
      value: 3.7797947
      objectReference: {fileID: 0}
    - target: {fileID: 6000407479487422213, guid: 3d2e43ea6b8cf1f499bf297936887858,
        type: 3}
      propertyPath: m_LocalEulerAnglesHint.z
      value: -61.957912
      objectReference: {fileID: 0}
    - target: {fileID: 6502182839619065283, guid: 3d2e43ea6b8cf1f499bf297936887858,
        type: 3}
      propertyPath: m_LocalEulerAnglesHint.x
      value: -4.326473
      objectReference: {fileID: 0}
    - target: {fileID: 6502182839619065283, guid: 3d2e43ea6b8cf1f499bf297936887858,
        type: 3}
      propertyPath: m_LocalEulerAnglesHint.y
      value: -2.9572415
      objectReference: {fileID: 0}
    - target: {fileID: 6502182839619065283, guid: 3d2e43ea6b8cf1f499bf297936887858,
        type: 3}
      propertyPath: m_LocalEulerAnglesHint.z
      value: 7.6784887
      objectReference: {fileID: 0}
    - target: {fileID: 6515712193588681746, guid: 3d2e43ea6b8cf1f499bf297936887858,
        type: 3}
      propertyPath: m_LocalEulerAnglesHint.x
      value: 10.1166935
      objectReference: {fileID: 0}
    - target: {fileID: 6515712193588681746, guid: 3d2e43ea6b8cf1f499bf297936887858,
        type: 3}
      propertyPath: m_LocalEulerAnglesHint.y
      value: 0.41432703
      objectReference: {fileID: 0}
    - target: {fileID: 6515712193588681746, guid: 3d2e43ea6b8cf1f499bf297936887858,
        type: 3}
      propertyPath: m_LocalEulerAnglesHint.z
      value: 2.1866984
      objectReference: {fileID: 0}
    - target: {fileID: 7078722787440015773, guid: 3d2e43ea6b8cf1f499bf297936887858,
        type: 3}
      propertyPath: m_LocalEulerAnglesHint.x
      value: 2.1040392
      objectReference: {fileID: 0}
    - target: {fileID: 7078722787440015773, guid: 3d2e43ea6b8cf1f499bf297936887858,
        type: 3}
      propertyPath: m_LocalEulerAnglesHint.y
      value: -12.709156
      objectReference: {fileID: 0}
    - target: {fileID: 7078722787440015773, guid: 3d2e43ea6b8cf1f499bf297936887858,
        type: 3}
      propertyPath: m_LocalEulerAnglesHint.z
      value: -6.511168
      objectReference: {fileID: 0}
    - target: {fileID: 7666680083751660616, guid: 3d2e43ea6b8cf1f499bf297936887858,
        type: 3}
      propertyPath: m_LocalEulerAnglesHint.x
      value: 0.90961474
      objectReference: {fileID: 0}
    - target: {fileID: 7666680083751660616, guid: 3d2e43ea6b8cf1f499bf297936887858,
        type: 3}
      propertyPath: m_LocalEulerAnglesHint.y
      value: -3.1320662
      objectReference: {fileID: 0}
    - target: {fileID: 7666680083751660616, guid: 3d2e43ea6b8cf1f499bf297936887858,
        type: 3}
      propertyPath: m_LocalEulerAnglesHint.z
      value: 32.381474
      objectReference: {fileID: 0}
    - target: {fileID: 8169382868667117632, guid: 3d2e43ea6b8cf1f499bf297936887858,
        type: 3}
      propertyPath: m_LocalEulerAnglesHint.x
      value: -0.9331856
      objectReference: {fileID: 0}
    - target: {fileID: 8169382868667117632, guid: 3d2e43ea6b8cf1f499bf297936887858,
        type: 3}
      propertyPath: m_LocalEulerAnglesHint.y
      value: 10.904711
      objectReference: {fileID: 0}
    - target: {fileID: 8169382868667117632, guid: 3d2e43ea6b8cf1f499bf297936887858,
        type: 3}
      propertyPath: m_LocalEulerAnglesHint.z
      value: -2.4470153
      objectReference: {fileID: 0}
    m_RemovedComponents: []
  m_SourcePrefab: {fileID: 100100000, guid: 3d2e43ea6b8cf1f499bf297936887858, type: 3}
--- !u!1 &3043222821534622111 stripped
GameObject:
  m_CorrespondingSourceObject: {fileID: 919132149155446097, guid: 3d2e43ea6b8cf1f499bf297936887858,
    type: 3}
  m_PrefabInstance: {fileID: 2808797946213293262}
  m_PrefabAsset: {fileID: 0}
--- !u!4 &2409535360080984869 stripped
Transform:
  m_CorrespondingSourceObject: {fileID: -8679921383154817045, guid: 3d2e43ea6b8cf1f499bf297936887858,
    type: 3}
  m_PrefabInstance: {fileID: 2808797946213293262}
  m_PrefabAsset: {fileID: 0}
--- !u!95 &2808797946700039591
Animator:
  serializedVersion: 3
  m_ObjectHideFlags: 0
  m_CorrespondingSourceObject: {fileID: 0}
  m_PrefabInstance: {fileID: 0}
  m_PrefabAsset: {fileID: 0}
  m_GameObject: {fileID: 3043222821534622111}
  m_Enabled: 1
  m_Avatar: {fileID: 9000000, guid: 329b22cf9504bd54da0b4355decf34a3, type: 3}
  m_Controller: {fileID: 9100000, guid: e58de2af0f4357c4bbc74876e8382d3a, type: 2}
  m_CullingMode: 0
  m_UpdateMode: 0
  m_ApplyRootMotion: 0
  m_LinearVelocityBlending: 0
  m_WarningMessage: 
  m_HasTransformHierarchy: 1
  m_AllowConstantClipSamplingOptimization: 1
  m_KeepAnimatorControllerStateOnDisable: 0
